@misc{b1,
	title="Компьютерная графика: Учебное пособие. [Электронный ресурс]",
	howpublished="Режим доступа: \url{https://asu.tusur.ru/learning/books/b10.doc} (дата обращения: 01.09.2023)"
}


@book{b2,
	author = {{Перемитина, Т. О.}},
	title = {Компьютерная графика: учебное пособие},
	publisher = {Эль Контент},
	city = {Томск},
	year = {2012},
	pages = {144}
}

@book{b3,
	author = {{Боресков, А. В. and Шикин, Е. В.}},
	title = {Компьютерная графика: учебник и практикум для прикладного бакалавриата},
	publisher = {Издательство Юрайт},
	city = {Москва},
	year = {2016},
	pages = {219}
}

@book{b4,
	author = {{Гамбетта, Г.}},
	title = {Компьютерная графика. Рейтрейсинг и растеризация.},
	publisher = {Питер},
	city = {Санкт-Петербург},
	year = {2022},
	pages = {224}
}

@book{b5,
	author = {T. Akenine-Möller and E. Haines and N. Hoffman and A. Pesce and M. Iwanicki and S. Hillaire},
	title = {Real-Time Rendering},
	edition = {Fourth},
	year = {2018},
	publisher = {Taylor and Francis, CRC Press},
	city = {Boca Raton},
	pages = {1178}
}
